%% Referencias Bibliográficas
%% Sistema de Inferencia Difusa para Evaluación de Sedentarismo

@article{Troiano2008,
  title={Physical activity in the United States measured by accelerometer},
  author={Troiano, Richard P and Berrigan, David and Dodd, Kevin W and M{\^a}sse, Louise C and Tilert, Timothy and McDowell, Margaret},
  journal={Medicine \& Science in Sports \& Exercise},
  volume={40},
  number={1},
  pages={181--188},
  year={2008},
  publisher={LWW},
  doi={10.1249/mss.0b013e31815a51b3}
}

@article{TudorLocke2011,
  title={How many steps/day are enough? For adults},
  author={Tudor-Locke, Catrine and Craig, Cora L and Brown, Wendy J and Clemes, Stacy A and De Cocker, Katrien and Giles-Corti, Billie and Hatano, Yoshiro and Inoue, Shigeru and Matsudo, Sandra M and Mutrie, Nanette and others},
  journal={International Journal of Behavioral Nutrition and Physical Activity},
  volume={8},
  number={1},
  pages={79},
  year={2011},
  publisher={BioMed Central},
  doi={10.1186/1479-5868-8-79}
}

@article{Thayer2010,
  title={A meta-analysis of heart rate variability and neuroimaging studies: Implications for heart rate variability as a marker of stress and health},
  author={Thayer, Julian F and {\AA}hs, Fredrik and Fredrikson, Mats and Sollers III, John J and Wager, Tor D},
  journal={Neuroscience \& Biobehavioral Reviews},
  volume={36},
  number={2},
  pages={747--756},
  year={2010},
  publisher={Elsevier},
  doi={10.1016/j.neubiorev.2011.11.009}
}

@article{TaskForce1996,
  title={Heart rate variability: standards of measurement, physiological interpretation, and clinical use},
  author={{Task Force of the European Society of Cardiology and the North American Society of Pacing and Electrophysiology}},
  journal={Circulation},
  volume={93},
  number={5},
  pages={1043--1065},
  year={1996},
  publisher={Am Heart Assoc},
  doi={10.1161/01.CIR.93.5.1043}
}

@article{Mifflin1990,
  title={A new predictive equation for resting energy expenditure in healthy individuals},
  author={Mifflin, Mark D and St Jeor, Sachiko T and Hill, Lisa A and Scott, Barbara J and Daugherty, Sandra A and Koh, YO},
  journal={The American Journal of Clinical Nutrition},
  volume={51},
  number={2},
  pages={241--247},
  year={1990},
  publisher={Oxford University Press},
  doi={10.1093/ajcn/51.2.241}
}

@article{Zadeh1965,
  title={Fuzzy sets},
  author={Zadeh, Lotfi A},
  journal={Information and Control},
  volume={8},
  number={3},
  pages={338--353},
  year={1965},
  publisher={Elsevier},
  doi={10.1016/S0019-9958(65)90241-X}
}

@article{Mamdani1975,
  title={An experiment in linguistic synthesis with a fuzzy logic controller},
  author={Mamdani, Ebrahim H and Assilian, Sedrak},
  journal={International Journal of Man-Machine Studies},
  volume={7},
  number={1},
  pages={1--13},
  year={1975},
  publisher={Elsevier},
  doi={10.1016/S0020-7373(75)80002-2}
}



